@article{zen2009statistical,
          title={Statistical parametric speech synthesis},
          author={Zen, Heiga and Tokuda, Keiichi and Black, Alan W},
          journal={Speech Communication},
          volume={51},
          number={11},
          pages={1039--1064},
          year={2009},
          publisher={Elsevier Science Publishers BV}
        }

@article{DBLP:journals/corr/OordDZSVGKSK16,
          author    = {A{\"{a}}ron van den Oord and
                       Sander Dieleman and
                       Heiga Zen and
                       Karen Simonyan and
                       Oriol Vinyals and
                       Alex Graves and
                       Nal Kalchbrenner and
                       Andrew W. Senior and
                       Koray Kavukcuoglu},
          title     = {WaveNet: {A} Generative Model for Raw Audio},
          journal   = {CoRR},
          volume    = {abs/1609.03499},
          year      = {2016},
          url       = {http://arxiv.org/abs/1609.03499},
          timestamp = {Mon, 03 Oct 2016 17:51:10 +0200},
          biburl    = {http://dblp.uni-trier.de/rec/bib/journals/corr/OordDZSVGKSK16},
          bibsource = {dblp computer science bibliography, http://dblp.org}
        }

@article{DBLP:journals/corr/ZenAEHS16,
          author    = {Heiga Zen and
                       Yannis Agiomyrgiannakis and
                       Niels Egberts and
                       Fergus Henderson and
                       Przemyslaw Szczepaniak},
          title     = {Fast, Compact, and High Quality {LSTM-RNN} Based Statistical Parametric
                       Speech Synthesizers for Mobile Devices},
          journal   = {CoRR},
          volume    = {abs/1606.06061},
          year      = {2016},
          url       = {http://arxiv.org/abs/1606.06061},
          timestamp = {Fri, 01 Jul 2016 17:39:49 +0200},
          biburl    = {http://dblp.uni-trier.de/rec/bib/journals/corr/ZenAEHS16},
          bibsource = {dblp computer science bibliography, http://dblp.org}
        }

@article{nayebigruv,
          title={GRUV: Algorithmic Music Generation using Recurrent Neural Networks},
          author={Nayebi, Aran and Vitelli, Matt},
          year=2015
        }