@article{hadj16,
  author    = {Ga{\"{e}}tan Hadjeres and
               Jason Sakellariou and
               Fran{\c{c}}ois Pachet},
  title     = {Style Imitation and Chord Invention in Polyphonic Music with Exponential
               Families},
  journal   = {CoRR},
  volume    = {abs/1609.05152},
  year      = {2016},
  url       = {http://arxiv.org/abs/1609.05152},
  timestamp = {Mon, 03 Oct 2016 17:51:10 +0200},
  biburl    = {http://dblp.uni-trier.de/rec/bib/journals/corr/HadjeresSP16},
  bibsource = {dblp computer science bibliography, http://dblp.org}
}

        


@article{waveNet,
  author    = {A{\"{a}}ron van den Oord and
               Sander Dieleman and
               Heiga Zen and
               Karen Simonyan and
               Oriol Vinyals and
               Alex Graves and
               Nal Kalchbrenner and
               Andrew W. Senior and
               Koray Kavukcuoglu},
  title     = {WaveNet: {A} Generative Model for Raw Audio},
  journal   = {CoRR},
  volume    = {abs/1609.03499},
  year      = {2016},
  url       = {http://arxiv.org/abs/1609.03499},
  timestamp = {Mon, 03 Oct 2016 17:51:10 +0200},
  biburl    = {http://dblp.uni-trier.de/rec/bib/journals/corr/OordDZSVGKSK16},
  bibsource = {dblp computer science bibliography, http://dblp.org}
}

@article{DBLP:journals/corr/ZenAEHS16,
  author    = {Heiga Zen and
               Yannis Agiomyrgiannakis and
               Niels Egberts and
               Fergus Henderson and
               Przemyslaw Szczepaniak},
  title     = {Fast, Compact, and High Quality {LSTM-RNN} Based Statistical Parametric
               Speech Synthesizers for Mobile Devices},
  journal   = {CoRR},
  volume    = {abs/1606.06061},
  year      = {2016},
  url       = {http://arxiv.org/abs/1606.06061},
  timestamp = {Fri, 01 Jul 2016 17:39:49 +0200},
  biburl    = {http://dblp.uni-trier.de/rec/bib/journals/corr/ZenAEHS16},
  bibsource = {dblp computer science bibliography, http://dblp.org}
}




@article{Raitio:2011:HSS:2209821.2210690,
 author = {Raitio, T. and Suni, A. and Yamagishi, J. and Pulakka, H. and Nurminen, J. and Vainio, M. and Alku, P.},
 title = {HMM-Based Speech Synthesis Utilizing Glottal Inverse Filtering},
 journal = {Trans. Audio, Speech and Lang. Proc.},
 issue_date = {January 2011},
 volume = {19},
 number = {1},
 month = jan,
 year = {2011},
 issn = {1558-7916},
 pages = {153--165},
 numpages = {13},
 url = {http://dx.doi.org/10.1109/TASL.2010.2045239},
 doi = {10.1109/TASL.2010.2045239},
 acmid = {2210690},
 publisher = {IEEE Press},
 address = {Piscataway, NJ, USA},
 keywords = {Glottal inverse filtering, hidden Markov model (HMM), speech synthesis},
} 
        
